<record><leader>00000cas a22000007a 4500</leader><controlfield tag="001">27480741</controlfield><controlfield tag="008">930222d19uu19uucaucr ne      0    0eng d</controlfield><datafield ind1=" " ind2=" " tag="010"><subfield code="a">sn 93053023 </subfield></datafield><datafield ind1=" " ind2=" " tag="040"><subfield code="a">CUY</subfield><subfield code="b">eng</subfield><subfield code="c">CNK</subfield><subfield code="d">OCLCQ</subfield></datafield><datafield ind1=" " ind2=" " tag="042"><subfield code="a">msc</subfield></datafield><datafield ind1="0" ind2="0" tag="245"><subfield code="a">Oroville semi-weekly register.</subfield></datafield><datafield ind1=" " ind2=" " tag="260"><subfield code="a">Oroville, Butte County, Calif. :</subfield><subfield code="b">Oroville Register Pub. Co.</subfield></datafield><datafield ind1=" " ind2=" " tag="300"><subfield code="a">v.</subfield></datafield><datafield ind1=" " ind2=" " tag="310"><subfield code="a">Semiweekly</subfield></datafield><datafield ind1=" " ind2=" " tag="588"><subfield code="a">Description based on: Vol. 3, no. 7 (July 27, 1909).</subfield></datafield><datafield ind1=" " ind2="4" tag="651"><subfield code="a">Butte County (Calif.)</subfield><subfield code="v">Newspapers.</subfield></datafield><datafield ind1=" " ind2=" " tag="752"><subfield code="a">United States</subfield><subfield code="b">California</subfield><subfield code="c">Butte</subfield><subfield code="d">Oroville.</subfield></datafield><datafield ind1="0" ind2=" " tag="775"><subfield code="t">Oroville daily register</subfield><subfield code="w">(DLC)sn 93053014</subfield></datafield><datafield ind1="1" ind2=" " tag="029"><subfield code="a">AU@</subfield><subfield code="b">000020734852</subfield></datafield></record>